@article{lhcb,
author = {The LHCb Collaboration et al.},
title = {The LHCb Detector at the LHC},
journal = {Journal of Instrumentation},
url = {http://jinst.sissa.it/LHC/LHCb/2008_JINST_3_S08005.pdf},
year = {2008},
abstract = {The LHCb experiment is dedicated to precision measurements of CP violation and rare decays of B hadrons at the Large Hadron Collider (LHC) at CERN (Geneva). The initial configuration and expected performance of the detector and associated systems, as established by test beam measurements and simulation studies, is described.}
}

@article{wu,
  title = {Experimental Test of Parity Conservation in Beta Decay},
  author = {Wu, C. S. and Ambler, E. and Hayward, R. W. and Hoppes, D. D. and Hudson, R. P.},
  journal = {Phys. Rev.},
  volume = {105},
  issue = {4},
  pages = {1413--1415},
  year = {1957},
  month = {Feb},
  doi = {10.1103/PhysRev.105.1413},
  url = {http://link.aps.org/doi/10.1103/PhysRev.105.1413},
  publisher = {American Physical Society}
}

@article{cp-lee-yang,
  title = {Question of Parity Conservation in Weak Interactions},
  author = {Lee, T. D. and Yang, C. N.},
  journal = {Phys. Rev.},
  volume = {104},
  issue = {1},
  pages = {254--258},
  year = {1956},
  month = {Oct},
  doi = {10.1103/PhysRev.104.254},
  url = {http://link.aps.org/doi/10.1103/PhysRev.104.254},
  publisher = {American Physical Society}
}

@article{kaons-cronin-fitch,
  title = {Evidence for the $2\pi$ Decay of the $K_{2}^{0}$ Meson},
  author = {Christenson, J. H. and Cronin, J. W. and Fitch, V. L. and Turlay, R.},
  journal = {Phys. Rev. Lett.},
  volume = {13},
  issue = {4},
  pages = {138--140},
  year = {1964},
  month = {Jul},
  doi = {10.1103/PhysRevLett.13.138},
  url = {http://link.aps.org/doi/10.1103/PhysRevLett.13.138},
  publisher = {American Physical Society}
}

@article{ost,
      author         = "Aaij, R. and others",
      title          = "{Opposite-side flavour tagging of B mesons at the LHCb
                        experiment}",
      collaboration  = "LHCb Collaboration",
      journal        = "Eur.Phys.J.",
      volume         = "C72",
      pages          = "2022",
      doi            = "10.1140/epjc/s10052-012-2022-1",
      year           = "2012",
      eprint         = "1202.4979",
      archivePrefix  = "arXiv",
      primaryClass   = "hep-ex",
      reportNumber   = "CERN-PH-EP-2012-039, LHCB-PAPER-2011-027",
      SLACcitation   = "%%CITATION = ARXIV:1202.4979;%%",
}

@book{babar-book,
  title={The Babar Physics Book: Physics at an Asymmetric B Factory},
  author={Harrison, P.F. and Quinn, H.R.},
  series={SLAC report},
  url={http://books.google.de/books?id=HJ0sAAAAYAAJ},
  year={1998},
  publisher={Stanford Linear Acceleration Center}
}

@article{splot,
   author = {{Pivk}, M. and {Le Diberder}, F.~R.},
    title = "{sPlot: A statistical tool to unfold data distributions}",
  journal = {Nuclear Instruments and Methods in Physics Research A},
   eprint = {arXiv:physics/0402083},
     year = 2005,
    month = dec,
   volume = 555,
    pages = {356-369},
      doi = {10.1016/j.nima.2005.08.106},
   adsurl = {http://adsabs.harvard.edu/abs/2005NIMPA.555..356P},
  adsnote = {Provided by the SAO/NASA Astrophysics Data System}
}

@book{blobel,
author = {Volker Blobel, Erich Lohrmann},
title = {Statistische und numerische Methoden der Datenanalyse},
ISBN = {978-3-935702-66-9},
year = 2012,
location = {Hamburg}
}

@book{berger,
author = {Christoph Berger},
title = {Elementarteilchenphysik},
publisher = {Springer-Verlag},
volume = {2},
year = {2006},
ISBN = {978-3-540-23143-1},
location = {Berlin Heidelberg New York}
}

@misc{constants,
author = {NIST},
title = {Fundamental Physical Constants -- Complete Listing},
howpublished ={\url{http://physics.nist.gov/cuu/Constants/Table/allascii.txt}},
urldate = {2013-05-13}
}

@misc{root,
author = {The ROOT Development Team: Fons Rademakers et al.},
title = {ROOT A Data Analysis Framework},
howpublished = {\url{http://root.cern.ch/drupal/}},
urldate = {2013-05-13}
}

@misc{roofit,
author = {Wouter Verkerke, David Kirkby},
title = {The RooFit Toolkit for Data Modeling},
howpublished = {\url{http://roofit.sourceforge.net/}},
urldate = {2013-05-13}
}

@misc{numpy,
author = {Travis Oliphant et al.},
title = {Numpy},
howpublished = {\url{http://www.numpy.org/}},
urldate = {2013-05-13}
}

@misc{matplotlib,
author = {John D. Hunter et al.},
title = {matplotlib},
howpublished = {\url{http://matplotlib.org/}},
urldate = {2013-05-13}
}

@misc{scipy,
author = {Several authors},
title = {SciPy},
howpublished = {\url{http://www.scipy.org/}},
urldate = {2013-05-13}
}

@misc{cernweb_lhcb,
author = {CERN},
title = {LHCb},
howpublished = {\url{http://home.web.cern.ch/about/experiments/lhcb}},
urldate = {2013-06-02}
}

@article{slac-quarks,
  title = {High-Energy Inelastic $e-p$ Scattering at 6\ifmmode^\circ\else\textdegree\fi{} and 10\ifmmode^\circ\else\textdegree\fi{}},
  author = {Bloom, E. D. and Coward, D. H. and DeStaebler, H. and Drees, J. and Miller, G. and Mo, L. W. and Taylor, R. E. and Breidenbach, M. and Friedman, J. I. and Hartmann, G. C. and Kendall, H. W.},
  journal = {Phys. Rev. Lett.},
  volume = {23},
  issue = {16},
  pages = {930--934},
  year = {1969},
  month = {Oct},
  doi = {10.1103/PhysRevLett.23.930},
  url = {http://link.aps.org/doi/10.1103/PhysRevLett.23.930},
  publisher = {American Physical Society}
}

@article{pdg,
  author = "{Hagiwara, K.} and others",
  title = "{Review of Particle Physics}",
  journal = "{Physical Review D}",
  year = 2012,
  volume = "66",
  pages = {010001+},
  url = {http://pdg.lbl.gov}
}

@article{argus-bbar,
    title = "Observation of $B^0$-$\bar{B}^0$ mixing ",
    journal = "Physics Letters B ",
    volume = "192",
    number = "1–2",
    pages = "245 - 252",
    year = "1987",
    note = "",
    issn = "0370-2693",
    doi = "http://dx.doi.org/10.1016/0370-2693(87)91177-4",
    url = "http://www.sciencedirect.com/science/article/pii/0370269387911774",
    author = "H. Albrecht and A.A. Andam and U. Binder and P. Böckmann and R. Gläser and G. Harder and A. Nippe and M. Schäfer and W. Schmidt-Parzefall and H. Schröder and H.D. Schulz and R. Wurth and A. Yagil and J.P. Donker and A. Drescher and D. Kamp and H. Kolanoski and U. Matthiesen and H. Scheck and B. Spaan and J. Spengler and D. Wegener and C. Ehmann and J.C. Gabriel and T. Ruf and K.R. Schubert and J. Stiewe and K. Strahl and R. Waldi and S. Weseler and K.W. Edwards and W.R. Frisken and D.J. Gilkinson and D.M. Gingrich and H. Kapitza and P.C.H. Kim and R. Kutschke and D.B. Macfarlane and J.A. McKenna and K.W. McLean and A.W. Nilsson and R.S. Orr and P. Padley and J.A. Parsons and P.M. Patel and J.D. Prentice and H.C.J. Seywerd and J.D. Swain and G. Tsipolitis and T.-S. Yoon and J.C. Yun and R. Ammar and D. Coppage and R. Davis and S. Kanekal and N. Kwak and B. Bos̆tjanc̆ic̆ and G. Kernel and M. Ples̆ko and L. Jönsson and A. Babaev and M. Danilov and B. Fominykh and A. Golutvin and I. Gorelov and V. Lubimov and V. Matveev and V. Nagovitsin and V. Ryltsov and A. Semenov and V. Shevchenko and V. Soloshenko and V. Tchistilin and I. Tichomirov and Yu. Zaitsev and R. Childers and C.W. Darden and Y. Oku and H. Gennow"
}
