@article{lhcb,
    author = {{The LHCb Collaboration}},
    title = {The LHCb Detector at the LHC},
    journal = {Journal of Instrumentation},
    url = {http://jinst.sissa.it/LHC/LHCb/2008_JINST_3_S08005.pdf},
    year = {2008},
    abstract = {The LHCb experiment is dedicated to precision measurements of CP violation and rare decays of B hadrons at the Large Hadron Collider (LHC) at CERN (Geneva). The initial configuration and expected performance of the detector and associated systems, as established by test beam measurements and simulation studies, is described.}
}

@article{wu,
    title = {Experimental Test of Parity Conservation in Beta Decay},
    author = {Wu, C. S. and Ambler, E. and Hayward, R. W. and Hoppes, D. D. and Hudson, R. P.},
    journal = {Phys. Rev.},
    volume = {105},
    issue = {4},
    pages = {1413--1415},
    year = {1957},
    month = {Feb},
    doi = {10.1103/PhysRev.105.1413},
    publisher = {American Physical Society}
}

@article{cp-lee-yang,
    title = {Question of Parity Conservation in Weak Interactions},
    author = {Lee, T. D. and Yang, C. N.},
    journal = {Phys. Rev.},
    volume = {104},
    issue = {1},
    pages = {254--258},
    year = {1956},
    month = {Oct},
    doi = {10.1103/PhysRev.104.254},
    publisher = {American Physical Society}
}

@article{kaons-cronin-fitch,
    title = {Evidence for the $2\PI$ Decay of the $\mathrm{K}_2^0$ Meson},
    author = {Christenson, J. H. and Cronin, J. W. and Fitch, V. L. and Turlay, R.},
    journal = {Phys. Rev. Lett.},
    volume = {13},
    issue = {4},
    pages = {138--140},
    year = {1964},
    month = {Jul},
    doi = {10.1103/PhysRevLett.13.138},
    publisher = {American Physical Society}
}

@article{ost,
    author         = "{LHCb Collaboration} and Aaij, R. and others",
    title          = "{Opposite-side flavour tagging of B mesons at the LHCb
        experiment}",
collaboration  = "LHCb Collaboration",
journal        = "Eur. Phys. J.",
volume         = "C72",
pages          = "2022",
doi            = "10.1140/epjc/s10052-012-2022-1",
year           = "2012",
reportNumber   = "CERN-PH-EP-2012-039, LHCB-PAPER-2011-027",
}

@book{babar-book,
    title={The Babar Physics Book: Physics at an Asymmetric B Factory},
    author={Harrison, P.F. and Quinn, H.R.},
    series={SLAC report},
    year={1998},
    publisher={Stanford Linear Acceleration Center}
}

@article{splot,
    author = {{Pivk}, M. and {Le Diberder}, F.~R.},
    title = "{sPlot: A statistical tool to unfold data distributions}",
    journal = {Nuclear Instruments and Methods in Physics Research A},
    year = 2005,
    month = dec,
    volume = 555,
    pages = {356-369},
    doi = {10.1016/j.nima.2005.08.106},
}

@misc{constants,
    author = {NIST},
    title = {Fundamental Physical Constants -- Complete Listing},
    howpublished ={\url{http://physics.nist.gov/cuu/Constants/Table/allascii.txt}},
    urldate = {2013-05-13}
}

@article{slac-quarks,
    title = {High-Energy Inelastic \Pe-\Pp Scattering at 6\ifmmode^\circ\else\textdegree\fi{} and 10\ifmmode^\circ\else\textdegree\fi{}},
    author = {Bloom, E. D. and Coward, D. H. and DeStaebler, H. and Drees, J. and Miller, G. and Mo, L. W. and Taylor, R. E. and Breidenbach, M. and Friedman, J. I. and Hartmann, G. C. and Kendall, H. W.},
    journal = {Phys. Rev. Lett.},
    volume = {23},
    issue = {16},
    pages = {930--934},
    year = {1969},
    month = {Oct},
    doi = {10.1103/PhysRevLett.23.930},
    publisher = {American Physical Society}
}

@article{pdg,
  title = {Review of Particle Physics},
  author = {Beringer, J. and Arguin, J. -F. and Barnett, R. M. and Copic, K. and Dahl, O. and Groom, D. E. and Lin, C. -J. and Lys, J. and Murayama, H. and Wohl, C. G. and Yao, W. -M. and Zyla, P. A. and Amsler, C. and Antonelli, M. and Asner, D. M. and Baer, H. and Band, H. R. and Basaglia, T. and Bauer, C. W. and Beatty, J. J. and Belousov, V. I. and Bergren, E. and Bernardi, G. and Bertl, W. and Bethke, S. and Bichsel, H. and Biebel, O. and Blucher, E. and Blusk, S. and Brooijmans, G. and Buchmueller, O. and Cahn, R. N. and Carena, M. and Ceccucci, A. and Chakraborty, D. and Chen, M. -C. and Chivukula, R. S. and Cowan, G. and D'Ambrosio, G. and Damour, T. and de Florian, D. and de Gouv\^ea, A. and DeGrand, T. and de Jong, P. and Dissertori, G. and Dobrescu, B. and Doser, M. and Drees, M. and Edwards, D. A. and Eidelman, S. and Erler, J. and Ezhela, V. V. and Fetscher, W. and Fields, B. D. and Foster, B. and Gaisser, T. K. and Garren, L. and Gerber, H. -J. and Gerbier, G. and Gherghetta, T. and Golwala, S. and Goodman, M. and Grab, C. and Gritsan, A. V. and Grivaz, J. -F. and Gr\"unewald, M. and Gurtu, A. and Gutsche, T. and Haber, H. E. and Hagiwara, K. and Hagmann, C. and Hanhart, C. and Hashimoto, S. and Hayes, K. G. and Heffner, M. and Heltsley, B. and Hern\'andez-Rey, J. J. and Hikasa, K. and H\"ocker, A. and Holder, J. and Holtkamp, A. and Huston, J. and Jackson, J. D. and Johnson, K. F. and Junk, T. and Karlen, D. and Kirkby, D. and Klein, S. R. and Klempt, E. and Kowalewski, R. V. and Krauss, F. and Kreps, M. and Krusche, B. and Kuyanov, Yu. V. and Kwon, Y. and Lahav, O. and Laiho, J. and Langacker, P. and Liddle, A. and Ligeti, Z. and Liss, T. M. and Littenberg, L. and Lugovsky, K. S. and Lugovsky, S. B. and Mannel, T. and Manohar, A. V. and Marciano, W. J. and Martin, A. D. and Masoni, A. and Matthews, J. and Milstead, D. and Miquel, R. and M\"onig, K. and Moortgat, F. and Nakamura, K. and Narain, M. and Nason, P. and Navas, S. and Neubert, M. and Nevski, P. and Nir, Y. and Olive, K. A. and Pape, L. and Parsons, J. and Patrignani, C. and Peacock, J. A. and Petcov, S. T. and Piepke, A. and Pomarol, A. and Punzi, G. and Quadt, A. and Raby, S. and Raffelt, G. and Ratcliff, B. N. and Richardson, P. and Roesler, S. and Rolli, S. and Romaniouk, A. and Rosenberg, L. J. and Rosner, J. L. and Sachrajda, C. T. and Sakai, Y. and Salam, G. P. and Sarkar, S. and Sauli, F. and Schneider, O. and Scholberg, K. and Scott, D. and Seligman, W. G. and Shaevitz, M. H. and Sharpe, S. R. and Silari, M. and Sj\"ostrand, T. and Skands, P. and Smith, J. G. and Smoot, G. F. and Spanier, S. and Spieler, H. and Stahl, A. and Stanev, T. and Stone, S. L. and Sumiyoshi, T. and Syphers, M. J. and Takahashi, F. and Tanabashi, M. and Terning, J. and Titov, M. and Tkachenko, N. P. and T\"ornqvist, N. A. and Tovey, D. and Valencia, G. and van Bibber, K. and Venanzoni, G. and Vincter, M. G. and Vogel, P. and Vogt, A. and Walkowiak, W. and Walter, C. W. and Ward, D. R. and Watari, T. and Weiglein, G. and Weinberg, E. J. and Wiencke, L. R. and Wolfenstein, L. and Womersley, J. and Woody, C. L. and Workman, R. L. and Yamamoto, A. and Zeller, G. P. and Zenin, O. V. and Zhang, J. and Zhu, R. -Y. and Harper, G. and Lugovsky, V. S. and Schaffner, P.},
  collaboration = {Particle Data Group},
  journal = {Phys. Rev. D},
  volume = {86},
  issue = {1},
  pages = {010001},
  numpages = {1528},
  year = {2012},
  month = {Jul},
  doi = {10.1103/PhysRevD.86.010001},
  publisher = {American Physical Society}
}

@unpublished{tobi-phd,
  author = {{Brambach}, T.},
  title = {Measurement of the \PB-\APB mixing frequency $\difference{m_{\Pqd}}$ and tagging calibration measurements with data from the LHCb Experiment},
  year = 2013,
  month = 06,
  note = {Dissertation zur Erlangung des akademischen Grads Dr. rer. nat.; Publikation steht noch aus.}
}

@article{argus-bbar,
    title = "Observation of \PBz-\PaBz mixing",
    journal = "Physics Letters B",
    volume = "192",
    number = "1–2",
    pages = "245 - 252",
    year = "1987",
    issn = "0370-2693",
    doi = "10.1016/0370-2693(87)91177-4",
    author = "H. Albrecht and A.A. Andam and U. Binder and P. Böckmann and R. Gläser and G. Harder and A. Nippe and M. Schäfer and W. Schmidt-Parzefall and H. Schröder and H.D. Schulz and R. Wurth and A. Yagil and J.P. Donker and A. Drescher and D. Kamp and H. Kolanoski and U. Matthiesen and H. Scheck and B. Spaan and J. Spengler and D. Wegener and C. Ehmann and J.C. Gabriel and T. Ruf and K.R. Schubert and J. Stiewe and K. Strahl and R. Waldi and S. Weseler and K.W. Edwards and W.R. Frisken and D.J. Gilkinson and D.M. Gingrich and H. Kapitza and P.C.H. Kim and R. Kutschke and D.B. Macfarlane and J.A. McKenna and K.W. McLean and A.W. Nilsson and R.S. Orr and P. Padley and J.A. Parsons and P.M. Patel and J.D. Prentice and H.C.J. Seywerd and J.D. Swain and G. Tsipolitis and T.-S. Yoon and J.C. Yun and R. Ammar and D. Coppage and R. Davis and S. Kanekal and N. Kwak and B. Bos̆tjanc̆ic̆ and G. Kernel and M. Ples̆ko and L. Jönsson and A. Babaev and M. Danilov and B. Fominykh and A. Golutvin and I. Gorelov and V. Lubimov and V. Matveev and V. Nagovitsin and V. Ryltsov and A. Semenov and V. Shevchenko and V. Soloshenko and V. Tchistilin and I. Tichomirov and Yu. Zaitsev and R. Childers and C.W. Darden and Y. Oku and H. Gennow"
}

@article{sin2beta,
    title = "Measurement of the time-dependent \textit{CP} asymmetry in \HepProcess{\PBz \to \PJpsi\,\PKshort}",
    journal = "Physics Letters B",
    author = "LHCb Collaboration and R. Aaij and others",
    volume = "721",
    number = "1–3",
    pages = "24 - 31",
    year = "2013",
    note = "",
    issn = "0370-2693",
    doi = "10.1016/j.physletb.2013.02.054",
}

@article{minuit,
    author = "F. James and M. Roos",
    title = "MINUIT - system for function minimization and analysis of the parameter errors and correlations",
    journal = "Comp. Phys. Comm.",
    number = {10},
    year = {1975},
    pages = 343
}

@article{root,
    author = {Brun, Rene and Rademakers, Fons},
    doi = {10.1016/s0168-9002(97)00048-x},
    issn = {01689002},
    journal = {Nuclear Instruments and Methods in Physics Research Section A:  Accelerators, Spectrometers, Detectors and Associated Equipment},
    number = {1-2},
    pages = {81--86},
    title = {{ROOT — An object oriented data analysis framework}},
    volume = {389},
    year = {1997}
}

@online{roofit,
    author = {{Wouter Verkerke} and {David Kirkby}},
    eprint = {physics/0306116},
    eprinttype={arxiv},
    month = jun,
    title = {{The RooFit toolkit for data modeling}},
    url = {http://arxiv.org/abs/physics/0306116},
    year = {2003}
}

@article{cabibbo,
    title = {Unitary Symmetry and Leptonic Decays},
    author = {Cabibbo, Nicola},
    journal = {Phys. Rev. Lett.},
    volume = {10},
    issue = {12},
    pages = {531--533},
    year = {1963},
    month = {Jun},
    doi = {10.1103/PhysRevLett.10.531},
    publisher = {American Physical Society}
}

@article{kobayashi-maskawa,
    title = {$CP$-Violation in the Renormalizable Theory of Weak Interaction},
    author = {Makoto Kobayashi and Toshihide Maskawa},
    journal = {Progress of Theoretical Physics},
    volume = {49},
    number = {2},
    pages = {652-657},
    numpages = {5},
    year = {1973},
    doi = {10.1143/PTP.49.652},
    publisher = {Progress of Theoretical Physics}
}

@article{deltamd,
    title = "Measurement of the \PBz-\PaBz oscillation frequency with the decays \HepProcess{\PBz \to \PDm\,\Pgpp} and \HepProcess{\PBz \to \PJpsi\,\PKst^0}",
    journal = "Physics Letters B ",
    volume = "719",
    number = "4–5",
    pages = "318 - 325",
    year = "2013",
    issn = "0370-2693",
    doi = "10.1016/j.physletb.2013.01.019",
    author = "{LHCb Collaboration} and R. Aaij and C. Abellan Beteta and A. Adametz and B. Adeva and M. Adinolfi and C. Adrover and A. Affolder and Z. Ajaltouni and J. Albrecht and F. Alessio and M. Alexander and S. Ali and G. Alkhazov and P. Alvarez Cartelle and A.A. Alves Jr. and S. Amato and Y. Amhis and L. Anderlini and J. Anderson and R.B. Appleby and O. Aquines Gutierrez and F. Archilli and A. Artamonov and M. Artuso and E. Aslanides and G. Auriemma and S. Bachmann and J.J. Back and C. Baesso and W. Baldini and R.J. Barlow and C. Barschel and S. Barsuk and W. Barter and A. Bates and Th. Bauer and A. Bay and J. Beddow and I. Bediaga and S. Belogurov and K. Belous and I. Belyaev and E. Ben-Haim and M. Benayoun and G. Bencivenni and S. Benson and J. Benton and A. Berezhnoy and R. Bernet and M.-O. Bettler and M. van Beuzekom and A. Bien and S. Bifani and T. Bird and A. Bizzeti and P.M. Bjørnstad and T. Blake and F. Blanc and C. Blanks and J. Blouw and S. Blusk and A. Bobrov and V. Bocci and A. Bondar and N. Bondar and W. Bonivento and S. Borghi and A. Borgia and T.J.V. Bowcock and C. Bozzi and T. Brambach and J. van den Brand and J. Bressieux and D. Brett and M. Britsch and T. Britton and N.H. Brook and H. Brown and A. Büchler-Germann and I. Burducea and A. Bursche and J. Buytaert and S. Cadeddu and O. Callot and M. Calvi and M. Calvo Gomez and A. Camboni and P. Campana and A. Carbone and G. Carboni and R. Cardinale and A. Cardini and H. Carranza-Mejia and L. Carson and K. Carvalho Akiba and G. Casse and M. Cattaneo and Ch. Cauet and M. Charles and Ph. Charpentier and P. Chen and N. Chiapolini and M. Chrzaszcz and K. Ciba and X. Cid Vidal and G. Ciezarek and P.E.L. Clarke and M. Clemencic and H.V. Cliff and J. Closier and C. Coca and V. Coco and J. Cogan and E. Cogneras and P. Collins and A. Comerma-Montells and A. Contu and A. Cook and M. Coombes and G. Corti and B. Couturier and G.A. Cowan and D. Craik and S. Cunliffe and R. Currie and C. DʼAmbrosio and P. David and P.N.Y. David and I. De Bonis and K. De Bruyn and S. De Capua and M. De Cian and J.M. De Miranda and L. De Paula and P. De Simone and D. Decamp and M. Deckenhoff and H. Degaudenzi and L. Del Buono and C. Deplano and D. Derkach and O. Deschamps and F. Dettori and A. Di Canto and J. Dickens and H. Dijkstra and P. Diniz Batista and M. Dogaru and F. Domingo Bonal and S. Donleavy and F. Dordei and A. Dosil Suárez and D. Dossett and A. Dovbnya and F. Dupertuis and R. Dzhelyadin and A. Dziurda and A. Dzyuba and S. Easo and U. Egede and V. Egorychev and S. Eidelman and D. van Eijk and S. Eisenhardt and R. Ekelhof and L. Eklund and I. El Rifai and Ch. Elsasser and D. Elsby and A. Falabella and C. Färber and G. Fardell and C. Farinelli and S. Farry and V. Fave and V. Fernandez Albor and F. Ferreira Rodrigues and M. Ferro-Luzzi and S. Filippov and C. Fitzpatrick and M. Fontana and F. Fontanelli and R. Forty and O. Francisco and M. Frank and C. Frei and M. Frosini and S. Furcas and A. Gallas Torreira and D. Galli and M. Gandelman and P. Gandini and Y. Gao and J.-C. Garnier and J. Garofoli and P. Garosi and J. Garra Tico and L. Garrido and C. Gaspar and R. Gauld and E. Gersabeck and M. Gersabeck and T. Gershon and Ph. Ghez and V. Gibson and V.V. Gligorov and C. Göbel and D. Golubkov and A. Golutvin and A. Gomes and H. Gordon and M. Grabalosa Gándara and R. Graciani Diaz and L.A. Granado Cardoso and E. Graugés and G. Graziani and A. Grecu and E. Greening and S. Gregson and O. Grünberg and B. Gui and E. Gushchin and Yu. Guz and T. Gys and C. Hadjivasiliou and G. Haefeli and C. Haen and S.C. Haines and S. Hall and T. Hampson and S. Hansmann-Menzemer and N. Harnew and S.T. Harnew and J. Harrison and P.F. Harrison and T. Hartmann and J. He and V. Heijne and K. Hennessy and P. Henrard and J.A. Hernando Morata and E. van Herwijnen and E. Hicks and D. Hill and M. Hoballah and P. Hopchev and W. Hulsbergen and P. Hunt and T. Huse and N. Hussain and D. Hutchcroft and D. Hynds and V. Iakovenko and P. Ilten and J. Imong and R. Jacobsson and A. Jaeger and M. Jahjah Hussein and E. Jans and F. Jansen and P. Jaton and B. Jean-Marie and F. Jing and M. John and D. Johnson and C.R. Jones and B. Jost and M. Kaballo and S. Kandybei and M. Karacson and T.M. Karbach and I.R. Kenyon and U. Kerzel and T. Ketel and A. Keune and B. Khanji and Y.M. Kim and O. Kochebina and V. Komarov and R.F. Koopman and P. Koppenburg and M. Korolev and A. Kozlinskiy and L. Kravchuk and K. Kreplin and M. Kreps and G. Krocker and P. Krokovny and F. Kruse and M. Kucharczyk and V. Kudryavtsev and T. Kvaratskheliya and V.N. La Thi and D. Lacarrere and G. Lafferty and A. Lai and D. Lambert and R.W. Lambert and E. Lanciotti and G. Lanfranchi and C. Langenbruch and T. Latham and C. Lazzeroni and R. Le Gac and J. van Leerdam and J.-P. Lees and R. Lefèvre and A. Leflat and J. Lefrançois and O. Leroy and T. Lesiak and Y. Li and L. Li Gioi and M. Liles and R. Lindner and C. Linn and B. Liu and G. Liu and J. von Loeben and J.H. Lopes and E. Lopez Asamar and N. Lopez-March and H. Lu and J. Luisier and H. Luo and A. Mac Raighne and F. Machefert and I.V. Machikhiliyan and F. Maciuc and O. Maev and J. Magnin and M. Maino and S. Malde and G. Manca and G. Mancinelli and N. Mangiafave and U. Marconi and R. Märki and J. Marks and G. Martellotti and A. Martens and L. Martin and A. Martín Sánchez and M. Martinelli and D. Martinez Santos and D. Martins Tostes and A. Massafferri and R. Matev and Z. Mathe and C. Matteuzzi and M. Matveev and E. Maurice and A. Mazurov and J. McCarthy and G. McGregor and R. McNulty and M. Meissner and M. Merk and J. Merkel and D.A. Milanes and M.-N. Minard and J. Molina Rodriguez and S. Monteil and D. Moran and P. Morawski and R. Mountain and I. Mous and F. Muheim and K. Müller and R. Muresan and B. Muryn and B. Muster and J. Mylroie-Smith and P. Naik and T. Nakada and R. Nandakumar and I. Nasteva and M. Needham and N. Neufeld and A.D. Nguyen and T.D. Nguyen and C. Nguyen-Mau and M. Nicol and V. Niess and N. Nikitin and T. Nikodem and A. Nomerotski and A. Novoselov and A. Oblakowska-Mucha and V. Obraztsov and S. Oggero and S. Ogilvy and O. Okhrimenko and R. Oldeman and M. Orlandea and J.M. Otalora Goicochea and P. Owen and B.K. Pal and A. Palano and M. Palutan and J. Panman and A. Papanestis and M. Pappagallo and C. Parkes and C.J. Parkinson and G. Passaleva and G.D. Patel and M. Patel and G.N. Patrick and C. Patrignani and C. Pavel-Nicorescu and A. Pazos Alvarez and A. Pellegrino and G. Penso and M. Pepe Altarelli and S. Perazzini and D.L. Perego and E. Perez Trigo and A. Pérez-Calero Yzquierdo and P. Perret and M. Perrin-Terrin and G. Pessina and K. Petridis and A. Petrolini and A. Phan and E. Picatoste Olloqui and B. Pie Valls and B. Pietrzyk and T. Pilař and D. Pinci and S. Playfer and M. Plo Casasus and F. Polci and G. Polok and A. Poluektov and E. Polycarpo and D. Popov and B. Popovici and C. Potterat and A. Powell and J. Prisciandaro and V. Pugatch and A. Puig Navarro and W. Qian and J.H. Rademacker and B. Rakotomiaramanana and M.S. Rangel and I. Raniuk and N. Rauschmayr and G. Raven and S. Redford and M.M. Reid and A.C. dos Reis and S. Ricciardi and A. Richards and K. Rinnert and V. Rives Molina and D.A. Roa Romero and P. Robbe and E. Rodrigues and P. Rodriguez Perez and G.J. Rogers and S. Roiser and V. Romanovsky and A. Romero Vidal and J. Rouvinet and T. Ruf and H. Ruiz and G. Sabatino and J.J. Saborido Silva and N. Sagidova and P. Sail and B. Saitta and C. Salzmann and B. Sanmartin Sedes and M. Sannino and R. Santacesaria and C. Santamarina Rios and R. Santinelli and E. Santovetti and M. Sapunov and A. Sarti and C. Satriano and A. Satta and M. Savrie and P. Schaack and M. Schiller and H. Schindler and S. Schleich and M. Schlupp and M. Schmelling and B. Schmidt and O. Schneider and A. Schopper and M.-H. Schune and R. Schwemmer and B. Sciascia and A. Sciubba and M. Seco and A. Semennikov and K. Senderowska and I. Sepp and N. Serra and J. Serrano and P. Seyfert and M. Shapkin and I. Shapoval and P. Shatalov and Y. Shcheglov and T. Shears and L. Shekhtman and O. Shevchenko and V. Shevchenko and A. Shires and R. Silva Coutinho and T. Skwarnicki and N.A. Smith and E. Smith and M. Smith and K. Sobczak and F.J.P. Soler and F. Soomro and D. Souza and B. Souza De Paula and B. Spaan and A. Sparkes and P. Spradlin and F. Stagni and S. Stahl and O. Steinkamp and S. Stoica and S. Stone and B. Storaci and M. Straticiuc and U. Straumann and V.K. Subbiah and S. Swientek and M. Szczekowski and P. Szczypka and T. Szumlak and S. TʼJampens and M. Teklishyn and E. Teodorescu and F. Teubert and C. Thomas and E. Thomas and J. van Tilburg and V. Tisserand and M. Tobin and S. Tolk and D. Tonelli and S. Topp-Joergensen and N. Torr and E. Tournefier and S. Tourneur and M.T. Tran and A. Tsaregorodtsev and P. Tsopelas and N. Tuning and M. Ubeda Garcia and A. Ukleja and D. Urner and U. Uwer and V. Vagnoni and G. Valenti and R. Vazquez Gomez and P. Vazquez Regueiro and S. Vecchi and J.J. Velthuis and M. Veltri and G. Veneziano and M. Vesterinen and B. Viaud and I. Videau and D. Vieira and X. Vilasis-Cardona and J. Visniakov and A. Vollhardt and D. Volyanskyy and D. Voong and A. Vorobyev and V. Vorobyev and C. Voß and H. Voss and R. Waldi and R. Wallace and S. Wandernoth and J. Wang and D.R. Ward and N.K. Watson and A.D. Webber and D. Websdale and M. Whitehead and J. Wicht and D. Wiedner and L. Wiggers and G. Wilkinson and M.P. Williams and M. Williams and F.F. Wilson and J. Wishahi and M. Witek and W. Witzeling and S.A. Wotton and S. Wright and S. Wu and K. Wyllie and Y. Xie and F. Xing and Z. Xing and Z. Yang and R. Young and X. Yuan and O. Yushchenko and M. Zangoli and M. Zavertyaev and F. Zhang and L. Zhang and W.C. Zhang and Y. Zhang and A. Zhelezov and L. Zhong and A. Zvyagin"
}

@article{belle-sin2beta,
  title = {Observation of Large $\mathit{CP}$ Violation in the Neutral \PB Meson System},
  author = {{Belle Collaboration} and Abe, K. and Abe, K. and Abe, R. and Adachi, I. and Ahn, Byoung Sup and Aihara, H. and Akatsu, M. and Alimonti, G. and Asai, K. and Asai, M. and Asano, Y. and Aso, T. and Aulchenko, V. and Aushev, T. and Bakich, A. M. and Banas, E. and Behari, S. and Behera, P. K. and Beiline, D. and Bondar, A. and Bozek, A. and Browder, T. E. and Casey, B. C. K. and Chang, P. and Chao, Y. and Chen, K.-F. and Cheon, B. G. and Chistov, R. and Choi, S.-K. and Choi, Y. and Dong, L. Y. and Dragic, J. and Drutskoy, A. and Eidelman, S. and Eiges, V. and Enari, Y. and Enomoto, R. and Everton, C. W. and Fang, F. and Fujii, H. and Fukunaga, C. and Fukushima, M. and Gabyshev, N. and Garmash, A. and Gershon, T. J. and Gordon, A. and Gotow, K. and Guler, H. and Guo, R. and Haba, J. and Hamasaki, H. and Hanagaki, K. and Handa, F. and Hara, K. and Hara, T. and Hastings, N. C. and Hayashii, H. and Hazumi, M. and Heenan, E. M. and Higasino, Y. and Higuchi, I. and Higuchi, T. and Hirai, T. and Hirano, H. and Hojo, T. and Hokuue, T. and Hoshi, Y. and Hoshina, K. and Hou, S. R. and Hou, W.-S. and Hsu, S.-C. and Huang, H.-C. and Igarashi, Y. and Iijima, T. and Ikeda, H. and Ikeda, K. and Inami, K. and Ishikawa, A. and Ishino, H. and Itoh, R. and Iwai, G. and Iwasaki, H. and Iwasaki, Y. and Jackson, D. J. and Jalocha, P. and Jang, H. K. and Jones, M. and Kagan, R. and Kakuno, H. and Kaneko, J. and Kang, J. H. and Kang, J. S. and Kapusta, P. and Katayama, N. and Kawai, H. and Kawai, H. and Kawakami, Y. and Kawamura, N. and Kawasaki, T. and Kichimi, H. and Kim, D. W. and Kim, Heejong and Kim, H. J. and Kim, Hyunwoo and Kim, S. K. and Kim, T. H. and Kinoshita, K. and Kobayashi, S. and Koishi, S. and Konishi, H. and Korotushenko, K. and Krokovny, P. and Kulasiri, R. and Kumar, S. and Kuniya, T. and Kurihara, E. and Kuzmin, A. and Kwon, Y.-J. and Lange, J. S. and Leder, G. and Lee, M. H. and Lee, S. H. and Leonidopoulos, C. and Lin, Y.-S. and Liventsev, D. and Lu, R.-S. and MacNaughton, J. and Marlow, D. and Matsubara, T. and Matsui, S. and Matsumoto, S. and Matsumoto, T. and Mikami, Y. and Misono, K. and Miyabayashi, K. and Miyake, H. and Miyata, H. and Moffitt, L. C. and Moloney, G. R. and Moorhead, G. F. and Mori, S. and Mori, T. and Murakami, A. and Nagamine, T. and Nagasaka, Y. and Nagashima, Y. and Nakadaira, T. and Nakamura, T. and Nakano, E. and Nakao, M. and Nakazawa, H. and Nam, J. W. and Natkaniec, Z. and Neichi, K. and Nishida, S. and Nitoh, O. and Noguchi, S. and Nozaki, T. and Ogawa, S. and Ohshima, T. and Ohshima, Y. and Okabe, T. and Okazaki, T. and Okuno, S. and Olsen, S. L. and Ozaki, H. and Pakhlov, P. and Palka, H. and Park, C. S. and Park, C. W. and Park, H. and Peak, L. S. and Peters, M. and Piilonen, L. E. and Prebys, E. and Rodriguez, J. L. and Root, N. and Rozanska, M. and Rybicki, K. and Ryuko, J. and Sagawa, H. and Sakai, Y. and Sakamoto, H. and Satapathy, M. and Satpathy, A. and Schrenk, S. and Semenov, S. and Senyo, K. and Settai, Y. and Sevior, M. E. and Shibuya, H. and Shwartz, B. and Sidorov, A. and Stani\ifmmode \check{c}\else \v{c}\fi{}, S. and Sugi, A. and Sugiyama, A. and Sumisawa, K. and Sumiyoshi, T. and Suzuki, J.-I. and Suzuki, K. and Suzuki, S. and Suzuki, S. Y. and Swain, S. K. and Tajima, H. and Takahashi, T. and Takasaki, F. and Takita, M. and Tamai, K. and Tamura, N. and Tanaka, J. and Tanaka, M. and Taylor, G. N. and Teramoto, Y. and Tomoto, M. and Tomura, T. and Tovey, S. N. and Trabelsi, K. and Tsuboyama, T. and Tsukamoto, T. and Uehara, S. and Ueno, K. and Unno, Y. and Uno, S. and Ushiroda, Y. and Vahsen, S. E. and Varvell, K. E. and Wang, C. C. and Wang, C. H. and Wang, J. G. and Wang, M.-Z. and Watanabe, Y. and Won, E. and Yabsley, B. D. and Yamada, Y. and Yamaga, M. and Yamaguchi, A. and Yamamoto, H. and Yamanaka, T. and Yamashita, Y. and Yamauchi, M. and Yanaka, S. and Yashima, J. and Yokoyama, M. and Yoshida, K. and Yusa, Y. and Yuta, H. and Zhang, C. C. and Zhang, J. and Zhao, H. W. and Zheng, Y. and Zhilich, V. and \ifmmode \check{Z}\else \v{Z}\fi{}ontar, D.},
  collaboration = {(Belle Collaboration)},
  journal = {Phys. Rev. Lett.},
  volume = {87},
  issue = {9},
  pages = {091802},
  numpages = {7},
  year = {2001},
  month = {Aug},
  doi = {10.1103/PhysRevLett.87.091802},
  publisher = {American Physical Society}
}

@article{babar-sin2beta,
  title = {Observation of $\mathit{CP}$ Violation in the ${\mathit{B}}^{0}$ Meson System},
  author = {{BABAR Collaboration} and Aubert, B. and Boutigny, D. and Gaillard, J.-M. and Hicheur, A. and Karyotakis, Y. and Lees, J. P. and Robbe, P. and Tisserand, V. and Palano, A. and Chen, G. P. and Chen, J. C. and Qi, N. D. and Rong, G. and Wang, P. and Zhu, Y. S. and Eigen, G. and Reinertsen, P. L. and Stugu, B. and Abbott, B. and Abrams, G. S. and Borgland, A. W. and Breon, A. B. and Brown, D. N. and Button-Shafer, J. and Cahn, R. N. and Clark, A. R. and Gill, M. S. and Gritsan, A. V. and Groysman, Y. and Jacobsen, R. G. and Kadel, R. W. and Kadyk, J. and Kerth, L. T. and Kluth, S. and Kolomensky, Yu. G. and Kral, J. F. and LeClerc, C. and Levi, M. E. and Liu, T. and Lynch, G. and Meyer, A. B. and Momayezi, M. and Oddone, P. J. and Perazzo, A. and Pripstein, M. and Roe, N. A. and Romosan, A. and Ronan, M. T. and Shelkov, V. G. and Telnov, A. V. and Wenzel, W. A. and Zisman, M. S. and Bright-Thomas, P. G. and Harrison, T. J. and Hawkes, C. M. and Knowles, D. J. and O'Neale, S. W. and Penny, R. C. and Watson, A. T. and Watson, N. K. and Deppermann, T. and Goetzen, K. and Koch, H. and Krug, J. and Kunze, M. and Lewandowski, B. and Peters, K. and Schmuecker, H. and Steinke, M. and Andress, J. C. and Barlow, N. R. and Bhimji, W. and Chevalier, N. and Clark, P. J. and Cottingham, W. N. and De Groot, N. and Dyce, N. and Foster, B. and McFall, J. D. and Wallom, D. and Wilson, F. F. and Abe, K. and Hearty, C. and Mattison, T. S. and McKenna, J. A. and Thiessen, D. and Jolly, S. and McKemey, A. K. and Tinslay, J. and Blinov, V. E. and Bukin, A. D. and Bukin, D. A. and Buzykaev, A. R. and Golubev, V. B. and Ivanchenko, V. N. and Korol, A. A. and Kravchenko, E. A. and Onuchin, A. P. and Salnikov, A. A. and Serednyakov, S. I. and Skovpen, Yu. I. and Telnov, V. I. and Yushkov, A. N. and Best, D. and Lankford, A. J. and Mandelkern, M. and McMahon, S. and Stoker, D. P. and Ahsan, A. and Arisaka, K. and Buchanan, C. and Chun, S. and Branson, J. G. and MacFarlane, D. B. and Prell, S. and Rahatlou, Sh. and Raven, G. and Sharma, V. and Campagnari, C. and Dahmes, B. and Hart, P. A. and Kuznetsova, N. and Levy, S. L. and Long, O. and Lu, A. and Richman, J. D. and Verkerke, W. and Witherell, M. and Yellin, S. and Beringer, J. and Dorfan, D. E. and Eisner, A. M. and Frey, A. and Grillo, A. A. and Grothe, M. and Heusch, C. A. and Johnson, R. P. and Kroeger, W. and Lockman, W. S. and Pulliam, T. and Sadrozinski, H. and Schalk, T. and Schmitz, R. E. and Schumm, B. A. and Seiden, A. and Turri, M. and Walkowiak, W. and Williams, D. C. and Wilson, M. G. and Chen, E. and Dubois-Felsmann, G. P. and Dvoretskii, A. and Hitlin, D. G. and Metzler, S. and Oyang, J. and Porter, F. C. and Ryd, A. and Samuel, A. and Weaver, M. and Yang, S. and Zhu, R. Y. and Devmal, S. and Geld, T. L. and Jayatilleke, S. and Mancinelli, G. and Meadows, B. T. and Sokoloff, M. D. and Barillari, T. and Bloom, P. and Dima, M. O. and Fahey, S. and Ford, W. T. and Johnson, D. R. and Nauenberg, U. and Olivas, A. and Park, H. and Rankin, P. and Roy, J. and Sen, S. and Smith, J. G. and van Hoek, W. C. and Wagner, D. L. and Blouw, J. and Harton, J. L. and Krishnamurthy, M. and Soffer, A. and Toki, W. H. and Wilson, R. J. and Zhang, J. and Brandt, T. and Brose, J. and Colberg, T. and Dahlinger, G. and Dickopp, M. and Dubitzky, R. S. and Hauke, A. and Maly, E. and M\"uller-Pfefferkorn, R. and Otto, S. and Schubert, K. R. and Schwierz, R. and Spaan, B. and Wilden, L. and Behr, L. and Bernard, D. and Bonneaud, G. R. and Brochard, F. and Cohen-Tanugi, J. and Ferrag, S. and Roussot, E. and T'Jampens, S. and Thiebaux, Ch. and Vasileiadis, G. and Verderi, M. and Anjomshoaa, A. and Bernet, R. and Khan, A. and Lavin, D. and Muheim, F. and Playfer, S. and Swain, J. E. and Falbo, M. and Borean, C. and Bozzi, C. and Dittongo, S. and Folegani, M. and Piemontese, L. and Treadwell, E. and Anulli, F. and Baldini-Ferroli, R. and Calcaterra, A. and de Sangro, R. and Falciai, D. and Finocchiaro, G. and Patteri, P. and Peruzzi, I. M. and Piccolo, M. and Xie, Y. and Zallo, A. and Bagnasco, S. and Buzzo, A. and Contri, R. and Crosetti, G. and Fabbricatore, P. and Farinon, S. and Lo Vetere, M. and Macri, M. and Monge, M. R. and Musenich, R. and Pallavicini, M. and Parodi, R. and Passaggio, S. and Pastore, F. C. and Patrignani, C. and Pia, M. G. and Priano, C. and Robutti, E. and Santroni, A. and Morii, M. and Bartoldus, R. and Dignan, T. and Hamilton, R. and Mallik, U. and Cochran, J. and Crawley, H. B. and Fischer, P.-A. and Lamsa, J. and Meyer, W. T. and Rosenberg, E. I. and Benkebil, M. and Grosdidier, G. and Hast, C. and H\"ocker, A. and Lacker, H. M. and Laplace, S. and Lepeltier, V. and Lutz, A. M. and Plaszczynski, S. and Schune, M. H. and Trincaz-Duvoid, S. and Valassi, A. and Wormser, G. and Bionta, R. M. and Brigljevi\ifmmode \acute{c}\else \'{c}\fi{}, V. and Lange, D. J. and Mugge, M. and Shi, X. and van Bibber, K. and Wenaus, T. J. and Wright, D. M. and Wuest, C. R. and Carroll, M. and Fry, J. R. and Gabathuler, E. and Gamet, R. and George, M. and Kay, M. and Payne, D. J. and Sloane, R. J. and Touramanis, C. and Aspinwall, M. L. and Bowerman, D. A. and Dauncey, P. D. and Egede, U. and Eschrich, I. and Gunawardane, N. J. W. and Nash, J. A. and Sanders, P. and Smith, D. and Azzopardi, D. E. and Back, J. J. and Dixon, P. and Harrison, P. F. and Potter, R. J. L. and Shorthouse, H. W. and Strother, P. and Vidal, P. B. and Williams, M. I. and Cowan, G. and George, S. and Green, M. G. and Kurup, A. and Marker, C. E. and McGrath, P. and McMahon, T. R. and Ricciardi, S. and Salvatore, F. and Scott, I. and Vaitsas, G. and Brown, D. and Davis, C. L. and Allison, J. and Barlow, R. J. and Boyd, J. T. and Forti, A. C. and Fullwood, J. and Jackson, F. and Lafferty, G. D. and Savvas, N. and Simopoulos, E. T. and Weatherall, J. H. and Farbin, A. and Jawahery, A. and Lillard, V. and Olsen, J. and Roberts, D. A. and Schieck, J. R. and Blaylock, G. and Dallapiccola, C. and Flood, K. T. and Hertzbach, S. S. and Kofler, R. and Moore, T. B. and Staengle, H. and Willocq, S. and Brau, B. and Cowan, R. and Sciolla, G. and Taylor, F. and Yamamoto, R. K. and Milek, M. and Patel, P. M. and Trischuk, J. and Lanni, F. and Palombo, F. and Bauer, J. M. and Booke, M. and Cremaldi, L. and Eschenburg, V. and Kroeger, R. and Reidy, J. and Sanders, D. A. and Summers, D. J. and Martin, J. P. and Nief, J. Y. and Seitz, R. and Taras, P. and Zacek, V. and Nicholson, H. and Sutton, C. S. and Cartaro, C. and Cavallo, N. and De Nardo, G. and Fabozzi, F. and Gatto, C. and Lista, L. and Paolucci, P. and Piccolo, D. and Sciacca, C. and LoSecco, J. M. and Alsmiller, J. R. G. and Gabriel, T. A. and Handler, T. and Brau, J. and Frey, R. and Iwasaki, M. and Sinev, N. B. and Strom, D. and Colecchia, F. and Dal Corso, F. and Dorigo, A. and Galeazzi, F. and Margoni, M. and Michelon, G. and Morandin, M. and Posocco, M. and Rotondo, M. and Simonetto, F. and Stroili, R. and Torassa, E. and Voci, C. and Benayoun, M. and Briand, H. and Chauveau, J. and David, P. and de la Vaissi\`ere, Ch. and Del Buono, L. and Hamon, O. and Le Diberder, F. and Leruste, Ph. and Lory, J. and Roos, L. and Stark, J. and Versill\'e, S. and Manfredi, P. F. and Re, V. and Speziali, V. and Frank, E. D. and Gladney, L. and Guo, Q. H. and Panetta, J. H. and Angelini, C. and Batignani, G. and Bettarini, S. and Bondioli, M. and Carpinelli, M. and Forti, F. and Giorgi, M. A. and Lusiani, A. and Martinez-Vidal, F. and Morganti, M. and Neri, N. and Paoloni, E. and Rama, M. and Rizzo, G. and Sandrelli, F. and Simi, G. and Triggiani, G. and Walsh, J. and Haire, M. and Judd, D. and Paick, K. and Turnbull, L. and Wagoner, D. E. and Albert, J. and Bula, C. and Elmer, P. and Lu, C. and McDonald, K. T. and Miftakov, V. and Schaffner, S. F. and Smith, A. J. S. and Tumanov, A. and Varnes, E. W. and Cavoto, G. and del Re, D. and Faccini, R. and Ferrarotto, F. and Ferroni, F. and Fratini, K. and Lamanna, E. and Leonardi, E. and Mazzoni, M. A. and Morganti, S. and Piredda, G. and Safai Tehrani, F. and Serra, M. and Voena, C. and Christ, S. and Waldi, R. and Adye, T. and Franek, B. and Geddes, N. I. and Gopal, G. P. and Xella, S. M. and Aleksan, R. and De Domenico, G. and Emery, S. and Gaidot, A. and Ganzhur, S. F. and Giraud, P.-F. and Hamel de Monchenault, G. and Kozanecki, W. and Langer, M. and London, G. W. and Mayer, B. and Serfass, B. and Vasseur, G. and Y\`eche, Ch. and Zito, M. and Copty, N. and Purohit, M. V. and Singh, H. and Yumiceva, F. X. and Adam, I. and Anthony, P. L. and Aston, D. and Baird, K. and Berger, J. P. and Bloom, E. and Boyarski, A. M. and Bulos, F. and Calderini, G. and Claus, R. and Convery, M. R. and Coupal, D. P. and Coward, D. H. and Dorfan, J. and Doser, M. and Dunwoodie, W. and Field, R. C. and Glanzman, T. and Godfrey, G. L. and Gowdy, S. J. and Grosso, P. and Himel, T. and Hryn'ova, T. and Huffer, M. E. and Innes, W. R. and Jessop, C. P. and Kelsey, M. H. and Kim, P. and Kocian, M. L. and Langenegger, U. and Leith, D. W. G. S. and Luitz, S. and Luth, V. and Lynch, H. L. and Marsiske, H. and Menke, S. and Messner, R. and Moffeit, K. C. and Mount, R. and Muller, D. R. and O'Grady, C. P. and Perl, M. and Petrak, S. and Quinn, H. and Ratcliff, B. N. and Robertson, S. H. and Rochester, L. S. and Roodman, A. and Schietinger, T. and Schindler, R. H. and Schwiening, J. and Seeman, J. T. and Serbo, V. V. and Snyder, A. and Soha, A. and Spanier, S. M. and Stelzer, J. and Su, D. and Sullivan, M. K. and Tanaka, H. A. and Va'vra, J. and Wagner, S. R. and Weinstein, A. J. R. and Wienands, U. and Wisniewski, W. J. and Wright, D. H. and Young, C. C. and Burchat, P. R. and Cheng, C. H. and Kirkby, D. and Meyer, T. I. and Roat, C. and Henderson, R. and Bugg, W. and Cohn, H. and Weidemann, A. W. and Izen, J. M. and Kitayama, I. and Lou, X. C. and Turcotte, M. and Bianchi, F. and Bona, M. and Di Girolamo, B. and Gamba, D. and Smol, A. and Zanin, D. and Bosisio, L. and Della Ricca, G. and Lanceri, L. and Pompili, A. and Poropat, P. and Vuagnin, G. and Panvini, R. S. and Brown, C. M. and De Silva, A. and Kowalewski, R. and Roney, J. M. and Band, H. R. and Charles, E. and Dasu, S. and Di Lodovico, F. and Eichenbaum, A. M. and Hu, H. and Johnson, J. R. and Liu, R. and Nielsen, J. and Pan, Y. and Prepost, R. and Scott, I. J. and Sekula, S. J. and von Wimmersperg-Toeller, J. H. and Wu, S. L. and Yu, Z. and Zobernig, H. and Kordich, T. M. B. and Neal, H.},
  collaboration = {(BABAR Collaboration)},
  journal = {Phys. Rev. Lett.},
  volume = {87},
  issue = {9},
  pages = {091801},
  numpages = {8},
  year = {2001},
  month = {Aug},
  doi = {10.1103/PhysRevLett.87.091801},
  publisher = {American Physical Society}
}

@misc{spaan,
  author = {Prof. Dr. B. Spaan},
  institution = {TU Dortmund},
  howpublished = {Vorlesung. TU Dortmund},
  year = {2012},
  title = {Einführung in die Teilchenphysik}
}

@article{bdt,
title = "A Decision-Theoretic Generalization of On-Line Learning and an Application to Boosting ",
journal = "Journal of Computer and System Sciences",
volume = "55",
number = "1",
pages = "119 - 139",
year = "1997",
issn = "0022-0000",
doi = "10.1006/jcss.1997.1504",
author = "Yoav Freund and Robert E Schapire"
}

@article{ckmfitter,
  added-at = {2012-05-03T17:02:06.000+0200},
  archiveprefix = {arXiv},
  author = {{The CKMfitter group}},
  biburl = {http://www.bibsonomy.org/bibtex/22cd6d55755095daccb37c81e5df07d2d/clange},
  collaboration = {CKMfitter Group},
  description = {CP violation and the CKM matrix: Assessing the impact of the asymmetric $B$ factories - INSPIRE-HEP},
  doi = {10.1140/epjc/s2005-02169-1},
  eprint = {hep-ph/0406184},
  interhash = {c3b8a0c1ad64ae95779326020942e791},
  intrahash = {2cd6d55755095daccb37c81e5df07d2d},
  journal = {Eur.Phys.J.},
  keywords = {ckm},
  pages = {1-131},
  primaryclass = {hep-ph},
  reportnumber = {CPT-2004-P-030, LAL-04-21, LAPP-EXP-2004-01,
                        LPNHE-2004-01},
  slaccitation = {%%CITATION = HEP-PH/0406184;%%},
  timestamp = {2012-05-03T17:02:06.000+0200},
  title = {{CP violation and the CKM matrix: Assessing the impact of
                        the asymmetric $B$ factories}},
  url = {http://inspirehep.net/record/652597/export/hx},
  volume = {C41},
  year = 2005
}
